@book{foo,
address={foobar},
author={Foo, B},
dimensions={21~cm},
isbn={9999999},
note={Bibliografia: p. 3--300},
number={741},
pages={999},
publisher={foo},
series={foobar},
title={FooBar FOOBAR foo, bar},
year={1998}}

@article{foo2,
address={Foo Land},
author={F. Bar},
journal={Nature},
month={abr.},
number={7},
pages={132-2121},
title={foobar},
volume={3},
year={2021}}

@book{ruggiero,
address={S\~ao Paulo},
author={M\'arcia Aparecida Gomes Ruggiero and Vera L\'ucia da Rocha Lopes},
isbn={978-85-346-0204-4},
pages={424},
edition={2},
publisher={Makron Books},
title={C\'alculo Num\'erico},
subtitle={Aspectos Te\'oricos e Computacionais},
year={1988}}

@book{antonAlgebra,
address={S\~ao Paulo},
author={Howard Anton and Chris Rorres},
isbn={978-04-704-3205-1},
edition={10},
pages={762},
publisher={BOOKMAN COMPANHIA EDITORA LTDA.},
title={\'Algebra Linear},
subtitle={com aplica\c c\~oes},
year={2010}}

@book{augusto,
address={S\~ao Paulo},
author={Augusto de Abreu Pires},
isbn={978-85-224-9882-6},
edition={1},
pages={225},
publisher={Editora Atlas S.A.},
title={C\'alculo Num\'erico},
subtitle={Pr\'atica com algoritmos e planilhas},
year={2015}}

@book{gene,
address={Baltimore},
author={Gene Howard Golub and Charles Francis Van Loan},
isbn={978-0-8018-5414-9},
edition={3},
pages={694},
publisher={The Johns Hopkins University Press},
title={Matrix Computations},
year={2015}}

@book{bondy,
address={Ontario},
author={John Adrian Bondy and Uppaluri Siva Ramachandra Murty},
isbn={0-444-19451-7},
edition={1},
pages={264},
publisher={North Holland},
title={Graph Theory},
subtitle={With Applications},
year={1976}}

@book{sedgewick,
address={Nova Jersey},
author={Robert Sedgewick and Kevin Wayne},
isbn={978-0-321-57351-3},
edition={4},
pages={956},
publisher={Addison-Wesley},
title={Algorithms},
year={2011}}

@article{krishna,
address={Oklahoma},
author={Krishnaiyan Thulasiraman},
journal={Encyclopedia of Physical Science and Technology},
pages={831-841},
title={Circuit Theory},
volume={2},
year={2002}}

@article{paton,
address={Londres},
author={Keith Paton},
journal={Communications of the ACM},
month={set.},
number={9},
pages={514-518},
title={An Algorithm for Finding a Fundamental Set of Cycles of a Graph},
volume={12},
year={1969}}

@book{sadiku,
address={S\~ao Paulo},
author={Matthew N. O. Sadiku and Charles K. Alexander},
edition={5},
pages={874},
publisher={AMGH Editora Ltda.},
title={Fundamentos de Circuitos El\'etricos},
year={2013}}